@article{fruchterman1991graph,
  title={Graph drawing by force-directed placement},
  author={Fruchterman, Thomas MJ and Reingold, Edward M},
  journal={Softw., Pract. Exper.},
  volume={21},
  number={11},
  pages={1129--1164},
  year={1991}
}
